@misc{Renderin59:online,
author = {},
title = {Rendering {Cubic} {Bezier} {Patches}},
howpublished = {\url{https://web.cs.wpi.edu/~matt/courses/cs563/talks/surface/bez_surf.html}},
month = {},
year = {},
note = {(Acedido em 23/04/2021)}
}